
@online{milind:install,
    author={Milind Padalkar},
    title={Installing \TeX{}live 2010 using an ISO in Ubuntu},
    year={2011},
    url={https://milindpadalkar.wordpress.com/2011/05/04/installing-texlive-2010-in-ubuntu-10-04-10-10-and-11-04/}
}

@online{exch:uninstall,
    title={How to remove everything related to TeX Live for fresh install on Ubuntu?},
    year={2013},
    url={https://tex.stackexchange.com/a/95502}
}

